@article{luhn1958automatic,
  title={The automatic creation of literature abstracts},
  author={Luhn, Hans Peter},
  journal={IBM Journal of research and development},
  volume={2},
  number={2},
  pages={159--165},
  year={1958},
  publisher={Ibm}
}

@article{allahyari2017text,
  title={Text summarization techniques: a brief survey},
  author={Allahyari, Mehdi and Pouriyeh, Seyedamin and Assefi, Mehdi and Safaei, Saeid and Trippe, Elizabeth D and Gutierrez, Juan B and Kochut, Krys},
  journal={arXiv preprint arXiv:1707.02268},
  year={2017}
}

@article{el2021automatic,
  title={Automatic text summarization: A comprehensive survey},
  author={El-Kassas, Wafaa S and Salama, Cherif R and Rafea, Ahmed A and Mohamed, Hoda K},
  journal={Expert systems with applications},
  volume={165},
  pages={113679},
  year={2021},
  publisher={Elsevier}
}

@article{jin2024comprehensive,
  title={A comprehensive survey on process-oriented automatic text summarization with exploration of llm-based methods},
  author={Jin, Hanlei and Zhang, Yang and Meng, Dan and Wang, Jun and Tan, Jinghua},
  journal={arXiv preprint arXiv:2403.02901},
  year={2024}
}

@inproceedings{wu2023large,
  title={Large language models are diverse role-players for summarization evaluation},
  author={Wu, Ning and Gong, Ming and Shou, Linjun and Liang, Shining and Jiang, Daxin},
  booktitle={CCF International Conference on Natural Language Processing and Chinese Computing},
  pages={695--707},
  year={2023},
  organization={Springer}
}

@article{pu2023summarization,
  title={Summarization is (almost) dead},
  author={Pu, Xiao and Gao, Mingqi and Wan, Xiaojun},
  journal={arXiv preprint arXiv:2309.09558},
  year={2023}
}

@article{chang2023booookscore,
  title={Booookscore: A systematic exploration of book-length summarization in the era of llms},
  author={Chang, Yapei and Lo, Kyle and Goyal, Tanya and Iyyer, Mohit},
  journal={arXiv preprint arXiv:2310.00785},
  year={2023}
}

@article{zhang2019bertscore,
  title={Bertscore: Evaluating text generation with bert},
  author={Zhang, Tianyi and Kishore, Varsha and Wu, Felix and Weinberger, Kilian Q and Artzi, Yoav},
  journal={arXiv preprint arXiv:1904.09675},
  year={2019}
}

@article{fabbri2021summeval,
  title={Summeval: Re-evaluating summarization evaluation},
  author={Fabbri, Alexander R and Kry{\'s}ci{\'n}ski, Wojciech and McCann, Bryan and Xiong, Caiming and Socher, Richard and Radev, Dragomir},
  journal={Transactions of the Association for Computational Linguistics},
  volume={9},
  pages={391--409},
  year={2021},
  publisher={MIT Press One Rogers Street, Cambridge, MA 02142-1209, USA journals-info~…}
}

@article{wang2023shepherd,
  title={Shepherd: A critic for language model generation},
  author={Wang, Tianlu and Yu, Ping and Tan, Xiaoqing Ellen and O'Brien, Sean and Pasunuru, Ramakanth and Dwivedi-Yu, Jane and Golovneva, Olga and Zettlemoyer, Luke and Fazel-Zarandi, Maryam and Celikyilmaz, Asli},
  journal={arXiv preprint arXiv:2308.04592},
  year={2023}
}

@article{zhang2024benchmarking,
  title={Benchmarking large language models for news summarization},
  author={Zhang, Tianyi and Ladhak, Faisal and Durmus, Esin and Liang, Percy and McKeown, Kathleen and Hashimoto, Tatsunori B},
  journal={Transactions of the Association for Computational Linguistics},
  volume={12},
  pages={39--57},
  year={2024},
  publisher={MIT Press One Broadway, 12th Floor, Cambridge, Massachusetts 02142, USA~…}
}

@article{yang2008hierarchical,
  title={Hierarchical summarization of large documents},
  author={Yang, Christopher C and Wang, Fu Lee},
  journal={Journal of the American Society for Information Science and Technology},
  volume={59},
  number={6},
  pages={887--902},
  year={2008},
  publisher={Wiley Online Library}
}

@inproceedings{christensen2014hierarchical,
  title={Hierarchical summarization: Scaling up multi-document summarization},
  author={Christensen, Janara and Soderland, Stephen and Bansal, Gagan and others},
  booktitle={Proceedings of the 52nd annual meeting of the association for computational linguistics (volume 1: Long papers)},
  pages={902--912},
  year={2014}
}

@article{guerrero2015mind,
  title={Mind mapping for reading and understanding scientific literature},
  author={Guerrero, Jose M and Ramos, Pilar},
  journal={International Journal of Current Advanced Research},
  volume={4},
  number={11},
  pages={485--487},
  year={2015},
  publisher={Citeseer}
}

@article{mitra2023tradition,
  title={From Tradition to Innovation: Mind Map Generation in Higher Education},
  author={Mitra, Aditya Rama and Samosir, Feliks Victor Parningotan and Hudi, Robertus and Tarigan, Riswan Effendi},
  journal={Ultima InfoSys: Jurnal Ilmu Sistem Informasi},
  volume={14},
  number={2},
  pages={71--78},
  year={2023}
}

@inproceedings{wei2019revealing,
  title={Revealing Semantic Structures of Texts: Multi-grained Framework for Automatic Mind-map Generation.},
  author={Wei, Yang and Guo, Honglei and Wei, Jin-Mao and Su, Zhong},
  booktitle={IJCAI},
  pages={5247--5254},
  year={2019}
}

@article{bajaj2021long,
  title={Long document summarization in a low resource setting using pretrained language models},
  author={Bajaj, Ahsaas and Dangati, Pavitra and Krishna, Kalpesh and Kumar, Pradhiksha Ashok and Uppaal, Rheeya and Windsor, Bradford and Brenner, Eliot and Dotterrer, Dominic and Das, Rajarshi and McCallum, Andrew},
  journal={arXiv preprint arXiv:2103.00751},
  year={2021}
}

@inproceedings{zhang2024coreference,
  title={Coreference Graph Guidance for Mind-Map Generation},
  author={Zhang, Zhuowei and Hu, Mengting and Bai, Yinhao and Zhang, Zhen},
  booktitle={Proceedings of the AAAI Conference on Artificial Intelligence},
  volume={38},
  number={17},
  pages={19623--19631},
  year={2024}
}

@article{hu2021efficient,
  title={Efficient Mind-Map generation via Sequence-to-Graph and reinforced graph refinement},
  author={Hu, Mengting and Guo, Honglei and Zhao, Shiwan and Gao, Hang and Su, Zhong},
  journal={arXiv preprint arXiv:2109.02457},
  year={2021}
}

@article{xu2019discourse,
  title={Discourse-aware neural extractive text summarization},
  author={Xu, Jiacheng and Gan, Zhe and Cheng, Yu and Liu, Jingjing},
  journal={arXiv preprint arXiv:1910.14142},
  year={2019}
}

@article{jain2024structsum,
  title={Structsum Generation for Faster Text Comprehension},
  author={Jain, Parag and Marzoca, Andreea and Piccinno, Francesco},
  journal={arXiv preprint arXiv:2401.06837},
  year={2024}
}

@inproceedings{lin2004rouge,
  title={Rouge: A package for automatic evaluation of summaries},
  author={Lin, Chin-Yew},
  booktitle={Text summarization branches out},
  pages={74--81},
  year={2004}
}

@inproceedings{papineni2002bleu,
  title={Bleu: a method for automatic evaluation of machine translation},
  author={Papineni, Kishore and Roukos, Salim and Ward, Todd and Zhu, Wei-Jing},
  booktitle={Proceedings of the 40th annual meeting of the Association for Computational Linguistics},
  pages={311--318},
  year={2002}
}

@inproceedings{banerjee2005meteor,
  title={METEOR: An automatic metric for MT evaluation with improved correlation with human judgments},
  author={Banerjee, Satanjeev and Lavie, Alon},
  booktitle={Proceedings of the acl workshop on intrinsic and extrinsic evaluation measures for machine translation and/or summarization},
  pages={65--72},
  year={2005}
}

@article{zhao2019moverscore,
  title={MoverScore: Text generation evaluating with contextualized embeddings and earth mover distance},
  author={Zhao, Wei and Peyrard, Maxime and Liu, Fei and Gao, Yang and Meyer, Christian M and Eger, Steffen},
  journal={arXiv preprint arXiv:1909.02622},
  year={2019}
}